@inproceedings{2008APG,
  title={A Practitioners Guide to Generalized Linear Models},
  author={Duncan Anderson et al.},
  year={2008},
  organization={Towers Watson}
}
@book{g√©ron2019hands,
  title={Hands-On Machine Learning with Scikit-Learn, Keras, and TensorFlow: Concepts, Tools, and Techniques to Build Intelligent Systems},
  author={G{\'e}ron, A.},
  isbn={9781492032618},
  url={https://books.google.co.uk/books?id=HHetDwAAQBAJ},
  year={2019},
  publisher={O'Reilly Media}
}
@MISC{GLM_basics,
  author  = "Samuel Tober",
  title   = "Basics of Insurance Pricing",
  journal = "Medium",
  year    = "2020",
  url     = "https://towardsdatascience.com/basics-of-insurance-pricing-47243c2630b9"
}
@MISC{eng_stat,
  author  = "NIST/SEMATECH",
  title   = "e-Handbook of Statistical Methods",
  year    = "2012",
  url     = "https://doi.org/10.18434/M32189"
}
@MISC{GBM,
  author  = "Cheng Li",
  title   = "A Gentle Introduction to Gradient Boosting",
  url     = "http://www.chengli.io/tutorials/gradient_boosting.pdf"
}